
@inproceedings{lin2000self,
  title={Self-tuning of PID controllers by adaptive interaction},
  author={Lin, Feng and Brandt, Robert D and Saikalis, George},
  booktitle={Proceedings of the 2000 American Control Conference. ACC (IEEE Cat. No. 00CH36334)},
  volume={5},
  pages={3676--3681},
  year={2000},
  organization={IEEE}
}

@article{aastrom2001future,
  title={The future of PID control},
  author={{\AA}str{\"o}m, Karl Johan and H{\"a}gglund, Tore},
  journal={Control engineering practice},
  volume={9},
  number={11},
  pages={1163--1175},
  year={2001},
  publisher={Elsevier}
}

@book{kiong1999advances,
  title={Advances in PID control},
  author={Kiong, Tan Kok and Qing-Guo, Wang and Chieh, Hang Chang and H{\"a}gglund, Tore J},
  year={1999},
  publisher={Springer}
}

@book{vilanova2012pid,
  title={PID control in the third millennium},
  author={Vilanova, Ramon and Visioli, Antonio},
  volume={75},
  number={417},
  year={2012},
  publisher={Springer}
}

@article{borase2021review,
  title={A review of PID control, tuning methods and applications},
  author={Borase, Rakesh P and Maghade, DK and Sondkar, SY and Pawar, SN},
  journal={International Journal of Dynamics and Control},
  volume={9},
  pages={818--827},
  year={2021},
  publisher={Springer}
}

@article{aastrom2002control,
  title={Control system design lecture notes for me 155a},
  author={{\AA}str{\"o}m, Karl Johan},
  journal={Department of Mechanical and Environmental Engineering University of California Santa Barbara},
  volume={333},
  year={2002}
}



@article{bao2,
  title={P, I, D, PI, PD, and PID control},
  author={Ardemis Boghossian, James Brown, Sara Zak},
  journal={University of Michigan},
  url = {https://eng.libretexts.org},
}

  pages={559--576},
  year={2005},
  publisher={IEEE}
}


@article{bao3,
  title={Control Tutorials for MATLAB and Simulink},
  author={Prof. Dawn Tilbury, Prof. Bill Messner},
  journal={University of Michigan, Carnegie Mellon},
  url = {https://ctms.engin.umich.edu/CTMS/index.php?aux=Home},
}